% Encoding: UTF-8

@inproceedings{Basile2015,
  author    = {Cataldo Basile and
               Antonio Lioy and
               Christian Pitscheider and
               Fulvio Valenza and
               Marco Vallini},
  title     = {A novel approach for integrating security policy enforcement with
               dynamic network virtualization},
  booktitle = {Proceedings of the 1st {IEEE} Conference on Network Softwarization,
               NetSoft 2015, London, United Kingdom, April 13-17, 2015},
  pages     = {1--5},
  year      = {2015},
  url       = {https://doi.org/10.1109/NETSOFT.2015.7116152},
  doi       = {10.1109/NETSOFT.2015.7116152},
}

@article{Bartal2004,
  author    = {Yair Bartal and
               Alain J. Mayer and
               Kobbi Nissim and
               Avishai Wool},
  title     = {\emph{Firmato}: {A} novel firewall management toolkit},
  journal   = {{ACM} Trans. Comput. Syst.},
  volume    = {22},
  number    = {4},
  pages     = {381--420},
  year      = {2004},
  url       = {https://doi.org/10.1145/1035582.1035583},
  doi       = {10.1145/1035582.1035583},
}

@article{rfc7665,
  author    = {Joel M. Halpern and
               Carlos Pignataro},
  title     = {Service Function Chaining {(SFC)} Architecture},
  journal   = {{RFC}},
  volume    = {7665},
  pages     = {1--32},
  year      = {2015},
  url       = {https://doi.org/10.17487/RFC7665},
  doi       = {10.17487/RFC7665},
}


@article{rfc3198,
  author    = {Andrea Westerinen and
               John Schnizlein and
               John Strassner and
               Mark Scherling and
               Bob Quinn and
               Shai Herzog and
               An{-}Ni Huynh and
               Mark Carlson and
               Jay Perry and
               Steven Waldbusser},
  title     = {Terminology for Policy-Based Management},
  journal   = {{RFC}},
  volume    = {3198},
  pages     = {1--21},
  year      = {2001},
  url       = {https://doi.org/10.17487/RFC3198},
  doi       = {10.17487/RFC3198},
}


@article{rfc3060,
  author    = {Bob Moore and
               Ed Ellesson and
               John Strassner and
               Andrea Westerinen},
  title     = {Policy Core Information Model - Version 1 Specification},
  journal   = {{RFC}},
  volume    = {3060},
  pages     = {1--100},
  year      = {2001},
  url       = {https://doi.org/10.17487/RFC3060},
  doi       = {10.17487/RFC3060},
}


@inproceedings{Matheus2005,
  author    = {Andreas Matheus},
  title     = {How to Declare Access Control Policies for {XML} Structured Information
               Objects using OASIS' eXtensible Access Control Markup Language {(XACML)}},
  booktitle = {38th Hawaii International Conference on System Sciences {(HICSS-38}
               2005), {CD-ROM} / Abstracts Proceedings, 3-6 January 2005, Big Island,
               HI, {USA}},
  year      = {2005},
  url       = {https://doi.org/10.1109/HICSS.2005.300},
  doi       = {10.1109/HICSS.2005.300},
}


@article{Valenza2018,
  author    = {Fulvio Valenza and
               Antonio Lioy},
  title     = {User-oriented Network Security Policy Specification},
  journal   = {J. Internet Serv. Inf. Secur.},
  volume    = {8},
  number    = {2},
  pages     = {33--47},
  year      = {2018},
  url       = {https://doi.org/10.22667/JISIS.2018.05.31.033},
  doi       = {10.22667/JISIS.2018.05.31.033},
}

@article{Moffett1993, 
author={J. D. {Moffett} and M. S. {Sloman}}, 
journal={IEEE Journal on Selected Areas in Communications}, 
title={Policy hierarchies for distributed systems management}, 
year={1993}, 
volume={11}, 
number={9}, 
pages={1404-1414}, 
keywords={DP management;network operating systems;telecommunication network management;distributed systems management;management decisions;control actions;network management;operating systems;very large distributed systems;management policy;general high-level policies;specific policies;policy hierarchy;management action policies;authority policies;imperatival policies;responsibility;automated support;Prolog;Monitoring;Control systems;Environmental management;Automatic control;Operating systems;Decision making;Humans;Diffusion tensor imaging;Computer science}, 
doi={10.1109/49.257932}, 
ISSN={0733-8716}, 
month={Dec},}


@article{Zhou2008,
  author    = {Jie Zhou and
               Jim Alves{-}Foss},
  title     = {Security policy refinement and enforcement for the design of multi-level
               secure systems},
  journal   = {Journal of Computer Security},
  volume    = {16},
  number    = {2},
  pages     = {107--131},
  year      = {2008},
  url       = {http://content.iospress.com/articles/journal-of-computer-security/jcs300},
}


@inproceedings{Bandara2004,
  author    = {Arosha K. Bandara and
               Emil Lupu and
               Jonathan D. Moffett and
               Alessandra Russo},
  title     = {A Goal-based Approach to Policy Refinement},
  booktitle = {5th {IEEE} International Workshop on Policies for Distributed Systems
               and Networks {(POLICY} 2004), 7-9 June 2004, Yorktown Heights, NY,
               {USA}},
  pages     = {229--239},
  year      = {2004},
  url       = {https://doi.org/10.1109/POLICY.2004.1309175},
  doi       = {10.1109/POLICY.2004.1309175},
}


@misc{z3guide,
  title = {Z3 Programming Guide},
  howpublished = {\url{http://theory.stanford.edu/~nikolaj/programmingz3.html}},
  note = {Accessed: 2019-04-29}
}



@misc{verigraph_github,
  title = {Verigraph repository},
  howpublished = {\url{https://github.com/netgroup-polito/verigraph}},
  note = {Accessed: 2019-04-29}
}

@inproceedings{Spinoso2015,
  author    = {Serena Spinoso and
               Matteo Virgilio and
               Wolfgang John and
               Antonio Manzalini and
               Guido Marchetto and
               Riccardo Sisto},
  title     = {Formal Verification of Virtual Network Function Graphs in an SP-DevOps
               Context},
  booktitle = {Service Oriented and Cloud Computing - 4th European Conference, {ESOCC}
               2015, Taormina, Italy, September 15-17, 2015. Proceedings},
  pages     = {253--262},
  year      = {2015},
  url       = {https://doi.org/10.1007/978-3-319-24072-5\_18},
  doi       = {10.1007/978-3-319-24072-5\_18},
}

@article{rfc3234,
  author    = {Brian E. Carpenter and
               Scott W. Brim},
  title     = {Middleboxes: Taxonomy and Issues},
  journal   = {{RFC}},
  volume    = {3234},
  pages     = {1--27},
  year      = {2002},
  url       = {https://doi.org/10.17487/RFC3234},
  doi       = {10.17487/RFC3234},
}


@article{Kreutz2015,
  author    = {Diego Kreutz and
               Fernando M. V. Ramos and
               Paulo Jorge Esteves Ver{\'{\i}}ssimo and
               Christian Esteve Rothenberg and
               Siamak Azodolmolky and
               Steve Uhlig},
  title     = {Software-Defined Networking: {A} Comprehensive Survey},
  journal   = {Proceedings of the {IEEE}},
  volume    = {103},
  number    = {1},
  pages     = {14--76},
  year      = {2015},
  url       = {https://doi.org/10.1109/JPROC.2014.2371999},
  doi       = {10.1109/JPROC.2014.2371999},
}

@book{Chayapathi2016,
    author    = "R. Chayapathi and S. F. Hassan and P. Shah",
    title     = "Network Functions Virtualization (NFV) with a Touch of SDN",
    year      = "2016",
    publisher = "Addison-Wesley Professional",
    isbn   = "978-0-134-46305-6"
}

@inproceedings{Moura2008,
  author    = {Leonardo Mendon{\c{c}}a de Moura and
               Nikolaj Bj{\o}rner},
  title     = {{Z3:} An Efficient {SMT} Solver},
  booktitle = {Tools and Algorithms for the Construction and Analysis of Systems,
               14th International Conference, {TACAS} 2008, Held as Part of the Joint
               European Conferences on Theory and Practice of Software, {ETAPS} 2008,
               Budapest, Hungary, March 29-April 6, 2008. Proceedings},
  pages     = {337--340},
  year      = {2008},
  url       = {https://doi.org/10.1007/978-3-540-78800-3\_24},
  doi       = {10.1007/978-3-540-78800-3\_24},
}

@inproceedings{Youssef2011,
  author    = {Nihel Ben Youssef and
               Adel Bouhoula},
  title     = {A Fully Automatic Approach for Fixing Firewall Misconfigurations},
  booktitle = {11th {IEEE} International Conference on Computer and Information Technology,
               {CIT} 2011, Pafos, Cyprus, 31 August-2 September 2011},
  pages     = {461--466},
  year      = {2011},
  url       = {https://doi.org/10.1109/CIT.2011.84},
  doi       = {10.1109/CIT.2011.84},
  timestamp = {Fri, 26 May 2017 00:48:54 +0200},
}

@inproceedings{Dutertre2014,
  author    = {Bruno Dutertre},
  title     = {Yices 2.2},
  booktitle = {Computer Aided Verification - 26th International Conference, {CAV}
               2014, Held as Part of the Vienna Summer of Logic, {VSL} 2014, Vienna,
               Austria, July 18-22, 2014. Proceedings},
  pages     = {737--744},
  year      = {2014},
  url       = {https://doi.org/10.1007/978-3-319-08867-9\_49},
  doi       = {10.1007/978-3-319-08867-9\_49},
  timestamp = {Wed, 03 Oct 2018 12:55:00 +0200},
}

@inproceedings{Gember-Jacobson17,
  author    = {Aaron Gember{-}Jacobson and
               Aditya Akella and
               Ratul Mahajan and
               Hongqiang Harry Liu},
  title     = {Automatically Repairing Network Control Planes Using an Abstract Representation},
  booktitle = {Proceedings of the 26th Symposium on Operating Systems Principles,
               Shanghai, China, October 28-31, 2017},
  pages     = {359--373},
  year      = {2017},
  url       = {https://doi.org/10.1145/3132747.3132753},
  doi       = {10.1145/3132747.3132753},
}

@article{Adi2018,
  author    = {Kamel Adi and
               Lamia Hamza and
               Liviu Pene},
  title     = {Automatic security policy enforcement in computer systems},
  journal   = {Computers {\&} Security},
  volume    = {73},
  pages     = {156--171},
  year      = {2018},
  url       = {https://doi.org/10.1016/j.cose.2017.10.012},
  doi       = {10.1016/j.cose.2017.10.012},
}


@inproceedings{noms2020,
  author    = {Daniele Bringhenti and
               Guido Marchetto and
               Riccardo Sisto and
               Fulvio Valenza and
               Jalolliddin Yusupov},
  title     = {Automated optimal firewall orchestration and configuration in virtualized
               networks},
  booktitle = {{NOMS} 2020 - {IEEE/IFIP} Network Operations and Management Symposium,
               Budapest, Hungary, April 20-24, 2020},
  pages     = {1--7},
  publisher = {{IEEE}},
  year      = {2020},
  url       = {https://doi.org/10.1109/NOMS47738.2020.9110402},
  doi       = {10.1109/NOMS47738.2020.9110402},
}

@inproceedings{Bringhenti2019,
  author    = {Daniele Bringhenti and
               Guido Marchetto and
               Riccardo Sisto and
               Fulvio Valenza and
               Jalolliddin Yusupov},
  title     = {Towards a fully automated and optimized network security functions orchestration},
  booktitle = {2019 4th International Conference on Computing, Communications and Security (ICCCS)},
  pages     = {1--7},
  year      = {2019},
}

@manual{strongswan,
  title     = {StrongSwan Documentation},
  author    = {{StrongSwan Project}},
  year      = {2024},
  url       = {https://www.strongswan.org/documentation.html},
}

@misc{ipsec,
  title     = {{IPsec} - {Internet Protocol Security}},
  howpublished = {\url{https://tools.ietf.org/html/rfc4301}},
  note      = {RFC 4301},
  year      = {2005},
}

@online{docker-docs,
  title     = {Docker Documentation},
  organization = {Docker, Inc.},
  year      = {2024},
  url       = {https://docs.docker.com/},
}

@online{docker-container,
  title        = {What is a Container?},
  author       = {{Docker, Inc.}},
  year         = {2024},
  url          = {https://www.docker.com/resources/what-container/},
  note         = {Accessed on \today},
}

@mastersthesis{performance-container,
  author      = {Martin Lindström},
  title       = {Containers \& Virtual Machines: A Performance, Resource \& Power Consumption Comparison},
  school      = {Blekinge Institute of Technology},
  year        = {2024},
  month       = {June},
  url         = {http://www.diva-portal.org/smash/get/diva2:1665606/FULLTEXT01.pdf},
  address     = {SE-371 79 Karlskrona},
}
@online{vmware,
  title        = {What is a Virtual Machine?},
  organization = {VMware, Inc.},
  year         = {2024},
  url          = {https://www.vmware.com/topics/glossary/content/virtual-machine.html},
  note         = {Accessed on \today},
}
@online{hypervisor,
  title        = {What is a hypervisor?},
  organization = {VMware, Inc.},
  year         = {2024},
  url          = {https://www.vmware.com/topics/glossary/content/hypervisor.html},
  note         = {Accessed on \today},
}

@online{docker-compose,
  title     = {Docker Documentation},
  organization = {Docker, Inc.},
  year      = {2024},
  url       = {https://docs.docker.com/compose/features-uses/},
}

@misc{yaml,
  title        = {YAML},
  howpublished = {\url{https://yaml.org/}},
  note         = {Definition of the markup language},
}

@online{composeservices,
  title        = {Docker Compose - Services},
  organization = {Docker Documentation},
  year         = {2024},
  url          = {https://docs.docker.com/compose/compose-file/05-services/},
  note         = {Accessed on \today},
}

@online{dockerubuntu,
  title = {Install Docker Engine on Ubuntu},
  author = {{Docker Documentation}},
  organization = {Docker},
  year = {2024},
  url = {https://docs.docker.com/engine/install/ubuntu/},
}

@online{dockercomposelinux,
  title = {Install Docker Compose on Linux},
  author = {{Docker Documentation}},
  organization = {Docker},
  year = {2024},
  url = {https://docs.docker.com/compose/install/linux/},
}
@online{z3prover,
  title = {Z3 Theorem Prover},
  author = {{Microsoft}},
  year = {2024},
  url = {https://github.com/Z3Prover/z3},
}

@online{cit1,
  author       = {Daniele Bringhenti and
               Guido Marchetto and
               Riccardo Sisto and
               Fulvio Valenza},
  title        = {Automation for Network Security Configuration: State of the Art and Research Trends},
  year         = {2023},
  url          = {https://dl.acm.org/doi/10.1145/3616401},
  urldate      = {2024-03-04},
  note         = {Articolo ACM Digital Library},
}

@online{cit2,
  author       = {Daniele Bringhenti and
               Guido Marchetto and
               Riccardo Sisto and
               Fulvio Valenza},
  title        = {Automated Firewall Configuration in Virtual Networks},
  year         = {2022},
  url          = {https://ieeexplore.ieee.org/document/9737389},
  urldate      = {2024-03-04},
  note         = {Articolo ACM Digital Library},
}

@online{cit3,
  author       = {Daniele Bringhenti and
               Guido Marchetto and
               Riccardo Sisto and
               Fulvio Valenza},
  title        = {Introducing programmability and automation in the synthesis of virtual firewall rules},
  year         = {2020},
  url          = {https://ieeexplore.ieee.org/document/9165434},
  urldate      = {2024-03-04},
  note         = {Articolo ACM Digital Library},
}

@online{cit4,
  author       = {Daniele Bringhenti and
               Riccardo Sisto and
               Fulvio Valenza},
  title        = {A demonstration of VEREFOO: an automated framework for virtual firewall configuration},
  year         = {2023},
  url          = {https://ieeexplore.ieee.org/document/10175442},
  urldate      = {2024-03-04},
  note         = {Articolo ACM Digital Library},
}

@online{cit5,
  author       = {Daniele Bringhenti and
               Guido Marchetto and
               Riccardo Sisto and
               Fulvio Valenza},
  title        = {Short Paper: Automatic Configuration for an Optimal Channel Protection in Virtualized Networks},
  year         = {2020},
  url          = {https://dl.acm.org/doi/10.1145/3411505.3418439},
  urldate      = {2024-03-04},
  note         = {Articolo ACM Digital Library},
}

@online{cit6,
  author       = {Daniele Bringhenti and
               Riccardo Sisto and
               Fulvio Valenza},
  title        = {Automating the configuration of firewalls and channel protection systems in virtual networks},
  year         = {2023},
  url          = {https://ieeexplore.ieee.org/document/10175466},
  urldate      = {2024-03-04},
  note         = {Articolo ACM Digital Library},
}

@online{cit7,
  author       = {Daniele Bringhenti and
               Riccardo Sisto and
               Fulvio Valenza},
  title        = {A novel abstraction for security configuration in virtual networks},
  year         = {2023},
  url          = {https://www.sciencedirect.com/science/article/pii/S1389128623001901?via%3Dihub},
  urldate      = {2024-03-04},
  note         = {Articolo ACM Digital Library},
}
@online{cit8,
  author       = {Daniele Bringhenti and
               Riccardo Sisto and
               Fulvio Valenza},
  title        = {Towards Security Automation in Virtual Networks},
  year         = {2023},
  url          = {https://ieeexplore.ieee.org/document/10175459},
  urldate      = {2024-03-04},
  note         = {Articolo ACM Digital Library},
}